%Per inserire articoli arXiV
% eprint = " ",archivePrefix = "arXiv",

%Review ADM
@article{ReviewADM,
    author = "Petraki, Kalliopi and Volkas, Raymond R.",
    title = "{Review of asymmetric dark matter}",
    eprint = "1305.4939",
    archivePrefix = "arXiv",
    primaryClass = "hep-ph",
    reportNumber = "NIKHEF-2013-016",
    doi = "10.1142/S0217751X13300287",
    journal = "Int. J. Mod. Phys. A",
    volume = "28",
    pages = "1330028",
    year = "2013"
}

%Dark_matter in Sun: scattering off electrons vs nucleons
@article{DMSun,
	doi = {10.1088/1475-7516/2017/05/007},
  
	eprint = "1702.02768",
        archivePrefix = "arXiv",
  
	year = 2017,
	month = {may},
  
	publisher = {{IOP} Publishing},
  
	volume = {2017},
  
	number = {05},
  
	pages = {007--007},
  
	author = {Raghuveer Garani and Sergio Palomares-Ruiz},
  
	title = {Dark matter in the Sun: scattering off electrons vs nucleons},
  
	journal = {Journal of Cosmology and Astroparticle Physics}
}

%Articoli Gould e precedente su cattura
@article{Gould:1987ir,
    author = "Gould, Andrew",
    title = "{Resonant Enhancements in WIMP Capture by the Earth}",
    reportNumber = "SLAC-PUB-4226",
    doi = "10.1086/165653",
    journal = "Astrophys. J.",
    volume = "321",
    pages = "571",
    year = "1987"
}

@ARTICLE{1985ApJ...296..679P,
       author = {{Press}, W.~H. and {Spergel}, D.~N.},
        title = "{Capture by the sun of a galactic population of weakly interacting, massive particles}",
      journal = "Astrophys. J.",
     keywords = {Capture Effect, Elementary Particles, Missing Mass (Astrophysics), Solar Neutrinos, Solar Physics, Kinematics, Milky Way Galaxy, Rates (Per Time), Scattering Cross Sections, Stellar Mass Accretion, Astrophysics},
         year = 1985,
        month = sep,
       volume = {296},
        pages = {679-684},
          doi = {10.1086/163485},
       adsurl = {https://ui.adsabs.harvard.edu/abs/1985ApJ...296..679P},
      adsnote = {Provided by the SAO/NASA Astrophysics Data System}
}
%------------------------------------------------------------------

@article{Zentner_2009,
	doi = {10.1103/physrevd.80.063501},
  
	eprint = "0907.3448",
        archivePrefix = "arXiv",
  
	year = 2009,
	month = {sep},
  
	publisher = {American Physical Society ({APS})},
  
	volume = {80},
  
	number = {6},
  
	author = {Andrew R. Zentner},
  
	title = {High-energy neutrinos from dark matter particle self-capture within the Sun},
  
	journal = {Physical Review D}
}

%Standard Halo Model
@misc{evans2018shm,
      title={SHM$^{++}$: A Refinement of the Standard Halo Model for Dark Matter Searches in Light of the Gaia Sausage}, 
      author={N. Wyn Evans and Ciaran A. J. O'Hare and Christopher McCabe},
      year={2018},
      eprint={1810.11468},
      archivePrefix={arXiv},
      primaryClass={astro-ph.GA}
}

%Conductivity
@ARTICLE{GouldRaffelt_Cond,
       author = {{Gould}, Andrew and {Raffelt}, Georg},
        title = "{Thermal Conduction by Massive Particles}",
      journal = "Astrophys. J.",
     keywords = {Dark Matter, Elementary Particles, Particle Mass, Stellar Interiors, Stellar Luminosity, Thermal Conductivity, Brownian Movements, Chapman-Enskog Theory, Monte Carlo Method, Thermodynamics and Statistical Physics, DARK MATTER, ELEMENTARY PARTICLES, STARS: INTERIORS},
         year = 1990,
        month = apr,
       volume = {352},
        pages = {654},
          doi = {10.1086/168568},
       adsurl = {https://ui.adsabs.harvard.edu/abs/1990ApJ...352..654G},
      adsnote = {Provided by the SAO/NASA Astrophysics Data System}
}

@ARTICLE{SpergelPress_Cond,
       author = {{Spergel}, D.~N. and {Press}, W.~H.},
        title = "{Effect of hypothetical, weakly interacting, massive particles on energy transport in the solar interior}",
      journal = "Astrophys. J.",
     keywords = {Nuclear Fusion, Particle Interactions, Solar Interior, Solar Neutrinos, Stellar Cores, Angular Momentum, Anisotropy, Energy Transfer, Evaporation, Orbits, Scattering Cross Sections, Weak Interactions (Field Theory), Solar Physics},
         year = 1985,
        month = jul,
       volume = {294},
        pages = {663-673},
          doi = {10.1086/163336},
       adsurl = {https://ui.adsabs.harvard.edu/abs/1985ApJ...294..663S},
      adsnote = {Provided by the SAO/NASA Astrophysics Data System}
}

%Trattamento BCE_Patt_Scott
@article{Vincent_2014,
	doi = {10.1088/1475-7516/2014/04/019},

        eprint = "1311.2074",
        archivePrefix = "arXiv",
  
	year = 2014,
	month = {apr},
  
	publisher = {{IOP} Publishing},
  
	volume = {2014},
  
	number = {04},
  
	pages = {019--019},
  
	author = {Aaron C. Vincent and Pat Scott},
  
	title = {Thermal conduction by dark matter with velocity and momentum-dependent cross-sections},
  
	journal = {Journal of Cosmology and Astroparticle Physics}
}

%Patt_Scott_energy transport
@article{Banks_2022,
	doi = {10.1088/1475-7516/2022/04/002},

        eprint = "2111.06895 ",
        archivePrefix = "arXiv",
  
	year = 2022,
	month = {apr},
  
	publisher = {{IOP} Publishing},
  
	volume = {2022},
  
	number = {04},
  
	pages = {002},
  
	author = {Hannah Banks and Siyam Ansari and Aaron C. Vincent and Pat Scott},
  
	title = {Simulation of energy transport by dark matter scattering in stars},
  
	journal = {Journal of Cosmology and Astroparticle Physics}
}

%Xenon experimental limit
@article{Xenon_2018,
	doi = {10.1103/physrevlett.121.111302},
  
	eprint = "1805.12562",archivePrefix = "arXiv",
  
	year = 2018,
	month = {sep},
  
	publisher = {American Physical Society ({APS})},
  
	volume = {121},
  
	number = {11},
  
	author = {E. Aprile and J. Aalbers and F. Agostini Et. Al.}, 
 
  
	title = {Dark Matter Search Results from a One Ton-Year Exposure of {XENON}1T},
  
	journal = {Physical Review Letters}
}
% altri autori: M. Alfonsi and L. Althueser and F.{\hspace{0.167em}
%}D. Amaro and M. Anthony and F. Arneodo and L. Baudis and B. Bauermeister and M.{\hspace{0.167em}}L. Benabderrahmane and T. Berger and P.{\hspace{0.167em}}A. Breur and A. Brown and A. Brown and E. Brown and S. Bruenner and G. Bruno and R. Budnik and C. Capelli and J.{\hspace{0.167em}}M.{\hspace{0.167em}}R. Cardoso and D. Cichon and D. Coderre and A.{\hspace{0.167em}}P. Colijn and J. Conrad and J.{\hspace{0.167em}}P. Cussonneau and M.{\hspace{0.167em}}P. Decowski and P. de Perio and P. Di Gangi and A. Di Giovanni and S. Diglio and A. Elykov and G. Eurin and J. Fei and A.{\hspace{0.167em}}D. Ferella and A. Fieguth and W. Fulgione and A. Gallo Rosso and M. Galloway and F. Gao and M. Garbini and C. Geis and L. Grandi and Z. Greene and H. Qiu and C. Hasterok and E. Hogenbirk and J. Howlett and R. Itay and F. Joerg and B. Kaminsky and S. Kazama and A. Kish and G. Koltman and H. Landsman and R.{\hspace{0.167em}}F. Lang and L. Levinson and Q. Lin and S. Lindemann and M. Lindner and F. Lombardi and J.{\hspace{0.167em}}A.{\hspace{0.167em}}M. Lopes and J. Mahlstedt and A. Manfredini and T. Marrod{\'{a}}n Undagoitia and J. Masbou and D. Masson and M. Messina and K. Micheneau and K. Miller and A. Molinario and K. Mor{\aa} and M. Murra and J. Naganoma and K. Ni and U. Oberlack and B. Pelssers and F. Piastra and J. Pienaar and V. Pizzella and G. Plante and R. Podviianiuk and N. Priel and D. Ram{\'{\i}}rez Garc{\'{\i}}a and L. Rauch and S. Reichard and C. Reuter and B. Riedel and A. Rizzo and A. Rocchetti and N. Rupp and J.{\hspace{0.167em}}M.{\hspace{0.167em}}F. dos Santos and G. Sartorelli and M. Scheibelhut and S. Schindler and J. Schreiner and D. Schulte and M. Schumann and L. Scotto Lavina and M. Selvi and P. Shagin and E. Shockley and M. Silva and H. Simgen and D. Thers and F. Toschi and G. Trinchero and C. Tunnell and N. Upole and M. Vargas and O. Wack and H. Wang and Z. Wang and Y. Wei and C. Weinheimer and C. Wittweg and J. Wulf and J. Ye and Y. Zhang and T. Zhu and},

%Experimentla limit review
@article{Schumann_2019,
	doi = {10.1088/1361-6471/ab2ea5},

        eprint = "1903.03026",archivePrefix = "arXiv",
  
	year = 2019,
	month = {aug},
  
	publisher = {{IOP} Publishing},
  
	volume = {46},
  
	number = {10},
  
	pages = {103003},
  
	author = {Marc Schumann},
  
	title = {Direct detection of {WIMP} dark matter: concepts and status},
  
	journal = {Journal of Physics G: Nuclear and Particle Physics}
}

%Capture DM by Sun, approximation
@article{Bottino_2002,
	doi = {10.1103/physrevd.66.053005},
  
	year = 2002,
	month = {sep},
  
	publisher = {American Physical Society ({APS})},
  
	volume = {66},
  
	number = {5},
  
	author = {A. Bottino and G. Fiorentini and N. Fornengo and B. Ricci and S. Scopel and F. L. Villante},
  
	title = {Does solar physics provide constraints to weakly interacting massive particles?},
  
	journal = {Physical Review D}
}

%Escape velocity
 @misc{ enwiki:escape_velocity,
    author = "{Wikipedia contributors}",
    title = "Escape velocity --- {Wikipedia}{,} The Free Encyclopedia",
    year = "2023",
    howpublished = "\url{https://en.wikipedia.org/w/index.php?title=Escape_velocity&oldid=1160630892}",
    note = "[Online; accessed 10-July-2023]"
  }

%Nucleus cross-section
@article{Dearborn1990,
       author = {{Dearborn}, David and {Griest}, Kim and {Raffelt}, Georg},
        title = "{Window for the Dark Matter Solution to the Solar Neutrino Problem}",
      journal = {Astrophys. J.},
     keywords = {Dark Matter, Solar Interior, Solar Neutrinos, Elementary Particles, Energy Transfer, Radiative Transfer, Stellar Evolution, Stellar Models, Solar Physics, DARK MATTER, ELEMENTARY PARTICLES, NEUTRINOS, SUN: INTERIOR},
         year = 1991,
        month = feb,
       volume = {368},
        pages = {626},
          doi = {10.1086/169729},
       adsurl = {https://ui.adsabs.harvard.edu/abs/1991ApJ...368..626D},
      adsnote = {Provided by the SAO/NASA Astrophysics Data System}
}